<record><leader>00000cas a2200000 a 4500</leader><controlfield tag="001">11703129</controlfield><controlfield tag="008">850216c19759999hiuqx ne      0    0eng d</controlfield><datafield ind1=" " ind2=" " tag="010"><subfield code="a">sn 85047025 </subfield></datafield><datafield ind1=" " ind2=" " tag="040"><subfield code="a">HUH</subfield><subfield code="b">eng</subfield><subfield code="c">HUH</subfield><subfield code="d">HWN</subfield><subfield code="d">OCL</subfield><subfield code="d">OCLCQ</subfield><subfield code="d">OCLCF</subfield><subfield code="d">OCLCO</subfield></datafield><datafield ind1="1" ind2=" " tag="029"><subfield code="a">AU@</subfield><subfield code="b">000020368859</subfield></datafield><datafield ind1=" " ind2=" " tag="042"><subfield code="a">msc</subfield></datafield><datafield ind1=" " ind2=" " tag="043"><subfield code="a">n-us-hi</subfield></datafield><datafield ind1=" " ind2=" " tag="090"><subfield code="a">NX1.A1</subfield><subfield code="b">V6</subfield></datafield><datafield ind1="0" ind2="0" tag="245"><subfield code="a">Volcano gazette.</subfield></datafield><datafield ind1=" " ind2=" " tag="260"><subfield code="a">Volcano, Hawaii :</subfield><subfield code="b">Volcano Art Center and Summit Press,</subfield><subfield code="c">1975-</subfield></datafield><datafield ind1=" " ind2=" " tag="300"><subfield code="a">v. :</subfield><subfield code="b">ill. ;</subfield><subfield code="c">28-41 cm.</subfield></datafield><datafield ind1=" " ind2=" " tag="310"><subfield code="a">4 issues yearly (varies),</subfield><subfield code="b">1981, 1983-</subfield></datafield><datafield ind1=" " ind2=" " tag="321"><subfield code="a">Irregular,</subfield><subfield code="b">1975, 1977</subfield></datafield><datafield ind1=" " ind2=" " tag="321"><subfield code="a">Bimonthly (varies),</subfield><subfield code="b">1978-1980</subfield></datafield><datafield ind1="0" ind2=" " tag="362"><subfield code="a">Vol. 1, no. 1 (May 1975)-</subfield></datafield><datafield ind1=" " ind2=" " tag="500"><subfield code="a">"An independent journal of the arts, from Volcano, Island of Hawaii."</subfield></datafield><datafield ind1=" " ind2=" " tag="515"><subfield code="a">None published in 1976, 1982.</subfield></datafield><datafield ind1=" " ind2="0" tag="651"><subfield code="a">Hawaii Island (Hawaii)</subfield><subfield code="v">Newspapers.</subfield></datafield><datafield ind1=" " ind2="7" tag="655"><subfield code="a">Newspapers.</subfield><subfield code="2">fast</subfield><subfield code="0">(OCoLC)fst01423814</subfield></datafield><datafield ind1=" " ind2="7" tag="651"><subfield code="a">Hawaii</subfield><subfield code="z">Hawaii Island.</subfield><subfield code="2">fast</subfield><subfield code="0">(OCoLC)fst01213101</subfield></datafield><datafield ind1="2" ind2=" " tag="710"><subfield code="a">Volcano Art Center.</subfield></datafield><datafield ind1=" " ind2=" " tag="752"><subfield code="a">United States</subfield><subfield code="b">Hawaii</subfield><subfield code="c">Hawaii</subfield><subfield code="d">Volcano.</subfield></datafield></record>